@book{wheedon,
	author = "{W}heedon, R.K. and {Z}ygmund, A.",
	title = "{M}easure and {I}ntegral: {A}n {I}ntroduction to {R}eal {A}nalysis",
	publsiher = "CRC Press",
	year = "1977"
}